%YAML 1.1
%TAG !u! tag:unity3d.com,2011:
--- !u!1001 &100100000
Prefab:
  m_ObjectHideFlags: 1
  serializedVersion: 2
  m_Modification:
    m_TransformParent: {fileID: 0}
    m_Modifications: []
    m_RemovedComponents: []
  m_SourcePrefab: {fileID: 0}
  m_RootGameObject: {fileID: 1583841023644646}
  m_IsPrefabAsset: 1
--- !u!1 &1583841023644646
GameObject:
  m_ObjectHideFlags: 0
  m_CorrespondingSourceObject: {fileID: 0}
  m_PrefabInternal: {fileID: 100100000}
  serializedVersion: 6
  m_Component:
  - component: {fileID: 4794950313337048}
  - component: {fileID: 114270680352983802}
  - component: {fileID: 23922896882313160}
  - component: {fileID: 33058239366194868}
  - component: {fileID: 114677089639952536}
  - component: {fileID: 65989579914199732}
  - component: {fileID: 54543759936643840}
  - component: {fileID: 114580609841377042}
  m_Layer: 0
  m_Name: Dead Bumper
  m_TagString: Untagged
  m_Icon: {fileID: 0}
  m_NavMeshLayer: 0
  m_StaticEditorFlags: 4294967295
  m_IsActive: 1
--- !u!1 &1686934045786270
GameObject:
  m_ObjectHideFlags: 0
  m_CorrespondingSourceObject: {fileID: 0}
  m_PrefabInternal: {fileID: 100100000}
  serializedVersion: 6
  m_Component:
  - component: {fileID: 4410961251138130}
  - component: {fileID: 108161387908132196}
  m_Layer: 0
  m_Name: Spot Light
  m_TagString: Untagged
  m_Icon: {fileID: 0}
  m_NavMeshLayer: 0
  m_StaticEditorFlags: 4294967295
  m_IsActive: 1
--- !u!4 &4410961251138130
Transform:
  m_ObjectHideFlags: 1
  m_CorrespondingSourceObject: {fileID: 0}
  m_PrefabInternal: {fileID: 100100000}
  m_GameObject: {fileID: 1686934045786270}
  m_LocalRotation: {x: 0.7071068, y: 0, z: 0, w: 0.7071068}
  m_LocalPosition: {x: -0.00000023841858, y: 0.01000005, z: -0.0000019073486}
  m_LocalScale: {x: 1, y: 1, z: 1}
  m_Children: []
  m_Father: {fileID: 4794950313337048}
  m_RootOrder: 0
  m_LocalEulerAnglesHint: {x: 90, y: 0, z: 0}
--- !u!4 &4794950313337048
Transform:
  m_ObjectHideFlags: 1
  m_CorrespondingSourceObject: {fileID: 0}
  m_PrefabInternal: {fileID: 100100000}
  m_GameObject: {fileID: 1583841023644646}
  m_LocalRotation: {x: -0, y: -0, z: -0, w: 1}
  m_LocalPosition: {x: 0.51432514, y: -1.12, z: -2.323038}
  m_LocalScale: {x: 1, y: 1, z: 1}
  m_Children:
  - {fileID: 4410961251138130}
  m_Father: {fileID: 0}
  m_RootOrder: 0
  m_LocalEulerAnglesHint: {x: 0, y: 0, z: 0}
--- !u!23 &23922896882313160
MeshRenderer:
  m_ObjectHideFlags: 1
  m_CorrespondingSourceObject: {fileID: 0}
  m_PrefabInternal: {fileID: 100100000}
  m_GameObject: {fileID: 1583841023644646}
  m_Enabled: 1
  m_CastShadows: 2
  m_ReceiveShadows: 1
  m_DynamicOccludee: 1
  m_MotionVectors: 1
  m_LightProbeUsage: 1
  m_ReflectionProbeUsage: 1
  m_RenderingLayerMask: 4294967295
  m_Materials:
  - {fileID: 2100000, guid: 55296d1b6ee54e14e8eb4648d4b448ee, type: 2}
  m_StaticBatchInfo:
    firstSubMesh: 0
    subMeshCount: 0
  m_StaticBatchRoot: {fileID: 0}
  m_ProbeAnchor: {fileID: 0}
  m_LightProbeVolumeOverride: {fileID: 0}
  m_ScaleInLightmap: 1
  m_PreserveUVs: 0
  m_IgnoreNormalsForChartDetection: 0
  m_ImportantGI: 0
  m_StitchLightmapSeams: 0
  m_SelectedEditorRenderState: 0
  m_MinimumChartSize: 4
  m_AutoUVMaxDistance: 0.5
  m_AutoUVMaxAngle: 89
  m_LightmapParameters: {fileID: 0}
  m_SortingLayerID: 0
  m_SortingLayer: 0
  m_SortingOrder: 0
--- !u!33 &33058239366194868
MeshFilter:
  m_ObjectHideFlags: 1
  m_CorrespondingSourceObject: {fileID: 0}
  m_PrefabInternal: {fileID: 100100000}
  m_GameObject: {fileID: 1583841023644646}
  m_Mesh: {fileID: 0}
--- !u!54 &54543759936643840
Rigidbody:
  m_ObjectHideFlags: 1
  m_CorrespondingSourceObject: {fileID: 0}
  m_PrefabInternal: {fileID: 100100000}
  m_GameObject: {fileID: 1583841023644646}
  serializedVersion: 2
  m_Mass: 1
  m_Drag: 0
  m_AngularDrag: 0.05
  m_UseGravity: 0
  m_IsKinematic: 1
  m_Interpolate: 0
  m_Constraints: 0
  m_CollisionDetection: 2
--- !u!65 &65989579914199732
BoxCollider:
  m_ObjectHideFlags: 1
  m_CorrespondingSourceObject: {fileID: 0}
  m_PrefabInternal: {fileID: 100100000}
  m_GameObject: {fileID: 1583841023644646}
  m_Material: {fileID: 0}
  m_IsTrigger: 0
  m_Enabled: 1
  serializedVersion: 2
  m_Size: {x: 0.2, y: 0, z: 0.2}
  m_Center: {x: 0, y: 0, z: 0}
--- !u!108 &108161387908132196
Light:
  m_ObjectHideFlags: 1
  m_CorrespondingSourceObject: {fileID: 0}
  m_PrefabInternal: {fileID: 100100000}
  m_GameObject: {fileID: 1686934045786270}
  m_Enabled: 1
  serializedVersion: 8
  m_Type: 2
  m_Color: {r: 1, g: 0.627451, b: 0, a: 1}
  m_Intensity: 50
  m_Range: 0.095099926
  m_SpotAngle: 26
  m_CookieSize: 10
  m_Shadows:
    m_Type: 0
    m_Resolution: -1
    m_CustomResolution: -1
    m_Strength: 1
    m_Bias: 0.05
    m_NormalBias: 0.4
    m_NearPlane: 0.2
  m_Cookie: {fileID: 0}
  m_DrawHalo: 0
  m_Flare: {fileID: 0}
  m_RenderMode: 0
  m_CullingMask:
    serializedVersion: 2
    m_Bits: 4294967295
  m_Lightmapping: 4
  m_LightShadowCasterMode: 0
  m_AreaSize: {x: 1, y: 1}
  m_BounceIntensity: 1
  m_ColorTemperature: 6570
  m_UseColorTemperature: 0
  m_ShadowRadius: 0
  m_ShadowAngle: 0
--- !u!114 &114270680352983802
MonoBehaviour:
  m_ObjectHideFlags: 1
  m_CorrespondingSourceObject: {fileID: 0}
  m_PrefabInternal: {fileID: 100100000}
  m_GameObject: {fileID: 1583841023644646}
  m_Enabled: 1
  m_EditorHideFlags: 0
  m_Script: {fileID: 16342205, guid: 0472bdc8d6d15384d98f22ee34302f9c, type: 3}
  m_Name: 
  m_EditorClassIdentifier: 
  _entityType: 0
--- !u!114 &114580609841377042
MonoBehaviour:
  m_ObjectHideFlags: 1
  m_CorrespondingSourceObject: {fileID: 0}
  m_PrefabInternal: {fileID: 100100000}
  m_GameObject: {fileID: 1583841023644646}
  m_Enabled: 1
  m_EditorHideFlags: 0
  m_Script: {fileID: 11500000, guid: 57e929c20c1cd2440966d4a40d8332ac, type: 3}
  m_Name: 
  m_EditorClassIdentifier: 
--- !u!114 &114677089639952536
MonoBehaviour:
  m_ObjectHideFlags: 1
  m_CorrespondingSourceObject: {fileID: 0}
  m_PrefabInternal: {fileID: 100100000}
  m_GameObject: {fileID: 1583841023644646}
  m_Enabled: 1
  m_EditorHideFlags: 0
  m_Script: {fileID: 185759285, guid: 0472bdc8d6d15384d98f22ee34302f9c, type: 3}
  m_Name: 
  m_EditorClassIdentifier: 
  _quads:
  - _indices: 000000000100000002000000010000000300000002000000
    _distinctIndices: 00000000010000000200000003000000
    _edges:
    - x: 0
      y: 1
    - x: 2
      y: 0
    - x: 1
      y: 3
    - x: 3
      y: 2
    _smoothingGroup: 1
    _uv:
      useWorldSpace: 0
      flipU: 0
      flipV: 0
      swapUV: 0
      fill: 1
      scale: {x: 1, y: 1}
      offset: {x: 0, y: 0}
      rotation: 0
      justify: 0
      localPivot: {x: 0, y: 0}
      localSize: {x: 0, y: 0}
      anchor: 9
    _mat: {fileID: 2100000, guid: 55296d1b6ee54e14e8eb4648d4b448ee, type: 2}
    manualUV: 0
    elementGroup: -1
    textureGroup: -1
  - _indices: 040000000500000006000000050000000700000006000000
    _distinctIndices: 04000000050000000600000007000000
    _edges:
    - x: 4
      y: 5
    - x: 6
      y: 4
    - x: 5
      y: 7
    - x: 7
      y: 6
    _smoothingGroup: 1
    _uv:
      useWorldSpace: 0
      flipU: 0
      flipV: 0
      swapUV: 0
      fill: 1
      scale: {x: 1, y: 1}
      offset: {x: 0, y: 0}
      rotation: 0
      justify: 0
      localPivot: {x: 0, y: 0}
      localSize: {x: 0, y: 0}
      anchor: 9
    _mat: {fileID: 2100000, guid: 55296d1b6ee54e14e8eb4648d4b448ee, type: 2}
    manualUV: 0
    elementGroup: -1
    textureGroup: -1
  - _indices: 08000000090000000a000000090000000b0000000a000000
    _distinctIndices: 08000000090000000a0000000b000000
    _edges:
    - x: 8
      y: 9
    - x: 10
      y: 8
    - x: 9
      y: 11
    - x: 11
      y: 10
    _smoothingGroup: 1
    _uv:
      useWorldSpace: 0
      flipU: 0
      flipV: 0
      swapUV: 0
      fill: 1
      scale: {x: 1, y: 1}
      offset: {x: 0, y: 0}
      rotation: 0
      justify: 0
      localPivot: {x: 0, y: 0}
      localSize: {x: 0, y: 0}
      anchor: 9
    _mat: {fileID: 2100000, guid: 55296d1b6ee54e14e8eb4648d4b448ee, type: 2}
    manualUV: 0
    elementGroup: -1
    textureGroup: -1
  - _indices: 0c0000000d0000000e0000000d0000000f0000000e000000
    _distinctIndices: 0c0000000d0000000e0000000f000000
    _edges:
    - x: 12
      y: 13
    - x: 14
      y: 12
    - x: 13
      y: 15
    - x: 15
      y: 14
    _smoothingGroup: 1
    _uv:
      useWorldSpace: 0
      flipU: 0
      flipV: 0
      swapUV: 0
      fill: 1
      scale: {x: 1, y: 1}
      offset: {x: 0, y: 0}
      rotation: 0
      justify: 0
      localPivot: {x: 0, y: 0}
      localSize: {x: 0, y: 0}
      anchor: 9
    _mat: {fileID: 2100000, guid: 55296d1b6ee54e14e8eb4648d4b448ee, type: 2}
    manualUV: 0
    elementGroup: -1
    textureGroup: -1
  - _indices: 100000001100000012000000110000001300000012000000
    _distinctIndices: 10000000110000001200000013000000
    _edges:
    - x: 16
      y: 17
    - x: 18
      y: 16
    - x: 17
      y: 19
    - x: 19
      y: 18
    _smoothingGroup: 1
    _uv:
      useWorldSpace: 0
      flipU: 0
      flipV: 0
      swapUV: 0
      fill: 1
      scale: {x: 1, y: 1}
      offset: {x: 0, y: 0}
      rotation: 0
      justify: 0
      localPivot: {x: 0, y: 0}
      localSize: {x: 0, y: 0}
      anchor: 9
    _mat: {fileID: 2100000, guid: 55296d1b6ee54e14e8eb4648d4b448ee, type: 2}
    manualUV: 0
    elementGroup: -1
    textureGroup: -1
  - _indices: 140000001500000016000000150000001700000016000000
    _distinctIndices: 14000000150000001600000017000000
    _edges:
    - x: 20
      y: 21
    - x: 22
      y: 20
    - x: 21
      y: 23
    - x: 23
      y: 22
    _smoothingGroup: 1
    _uv:
      useWorldSpace: 0
      flipU: 0
      flipV: 0
      swapUV: 0
      fill: 1
      scale: {x: 1, y: 1}
      offset: {x: 0, y: 0}
      rotation: 0
      justify: 0
      localPivot: {x: 0, y: 0}
      localSize: {x: 0, y: 0}
      anchor: 9
    _mat: {fileID: 2100000, guid: 55296d1b6ee54e14e8eb4648d4b448ee, type: 2}
    manualUV: 0
    elementGroup: -1
    textureGroup: -1
  - _indices: 18000000190000001a000000190000001b0000001a000000
    _distinctIndices: 18000000190000001a0000001b000000
    _edges:
    - x: 24
      y: 25
    - x: 26
      y: 24
    - x: 25
      y: 27
    - x: 27
      y: 26
    _smoothingGroup: 1
    _uv:
      useWorldSpace: 0
      flipU: 0
      flipV: 0
      swapUV: 0
      fill: 1
      scale: {x: 1, y: 1}
      offset: {x: 0, y: 0}
      rotation: 0
      justify: 0
      localPivot: {x: 0, y: 0}
      localSize: {x: 0, y: 0}
      anchor: 9
    _mat: {fileID: 2100000, guid: 55296d1b6ee54e14e8eb4648d4b448ee, type: 2}
    manualUV: 0
    elementGroup: -1
    textureGroup: -1
  - _indices: 1c0000001d0000001e0000001d0000001f0000001e000000
    _distinctIndices: 1c0000001d0000001e0000001f000000
    _edges:
    - x: 28
      y: 29
    - x: 30
      y: 28
    - x: 29
      y: 31
    - x: 31
      y: 30
    _smoothingGroup: 1
    _uv:
      useWorldSpace: 0
      flipU: 0
      flipV: 0
      swapUV: 0
      fill: 1
      scale: {x: 1, y: 1}
      offset: {x: 0, y: 0}
      rotation: 0
      justify: 0
      localPivot: {x: 0, y: 0}
      localSize: {x: 0, y: 0}
      anchor: 9
    _mat: {fileID: 2100000, guid: 55296d1b6ee54e14e8eb4648d4b448ee, type: 2}
    manualUV: 0
    elementGroup: -1
    textureGroup: -1
  - _indices: 220000002100000020000000
    _distinctIndices: 220000002100000020000000
    _edges:
    - x: 34
      y: 33
    - x: 33
      y: 32
    - x: 32
      y: 34
    _smoothingGroup: 0
    _uv:
      useWorldSpace: 0
      flipU: 0
      flipV: 0
      swapUV: 0
      fill: 1
      scale: {x: 1, y: 1}
      offset: {x: 0, y: 0}
      rotation: 0
      justify: 0
      localPivot: {x: -0.05, y: 0.03535534}
      localSize: {x: 0, y: 0}
      anchor: 9
    _mat: {fileID: 2100000, guid: 55296d1b6ee54e14e8eb4648d4b448ee, type: 2}
    manualUV: 0
    elementGroup: 0
    textureGroup: -1
  - _indices: 280000002700000026000000
    _distinctIndices: 280000002700000026000000
    _edges:
    - x: 40
      y: 39
    - x: 39
      y: 38
    - x: 38
      y: 40
    _smoothingGroup: 0
    _uv:
      useWorldSpace: 0
      flipU: 0
      flipV: 0
      swapUV: 0
      fill: 1
      scale: {x: 1, y: 1}
      offset: {x: 0, y: 0}
      rotation: 0
      justify: 0
      localPivot: {x: -0.035355337, y: 0.05}
      localSize: {x: 0, y: 0}
      anchor: 9
    _mat: {fileID: 2100000, guid: 55296d1b6ee54e14e8eb4648d4b448ee, type: 2}
    manualUV: 0
    elementGroup: 0
    textureGroup: -1
  - _indices: 2e0000002d0000002c000000
    _distinctIndices: 2e0000002d0000002c000000
    _edges:
    - x: 46
      y: 45
    - x: 45
      y: 44
    - x: 44
      y: 46
    _smoothingGroup: 0
    _uv:
      useWorldSpace: 0
      flipU: 0
      flipV: 0
      swapUV: 0
      fill: 1
      scale: {x: 1, y: 1}
      offset: {x: 0, y: 0}
      rotation: 0
      justify: 0
      localPivot: {x: 0.03535534, y: 0.05}
      localSize: {x: 0, y: 0}
      anchor: 9
    _mat: {fileID: 2100000, guid: 55296d1b6ee54e14e8eb4648d4b448ee, type: 2}
    manualUV: 0
    elementGroup: 0
    textureGroup: -1
  - _indices: 340000003300000032000000
    _distinctIndices: 340000003300000032000000
    _edges:
    - x: 52
      y: 51
    - x: 51
      y: 50
    - x: 50
      y: 52
    _smoothingGroup: 0
    _uv:
      useWorldSpace: 0
      flipU: 0
      flipV: 0
      swapUV: 0
      fill: 1
      scale: {x: 1, y: 1}
      offset: {x: 0, y: 0}
      rotation: 0
      justify: 0
      localPivot: {x: 0.05, y: 0.035355337}
      localSize: {x: 0, y: 0}
      anchor: 9
    _mat: {fileID: 2100000, guid: 55296d1b6ee54e14e8eb4648d4b448ee, type: 2}
    manualUV: 0
    elementGroup: 0
    textureGroup: -1
  - _indices: 3a0000003900000038000000
    _distinctIndices: 3a0000003900000038000000
    _edges:
    - x: 58
      y: 57
    - x: 57
      y: 56
    - x: 56
      y: 58
    _smoothingGroup: 0
    _uv:
      useWorldSpace: 0
      flipU: 0
      flipV: 0
      swapUV: 0
      fill: 1
      scale: {x: 1, y: 1}
      offset: {x: 0, y: 0}
      rotation: 0
      justify: 0
      localPivot: {x: 0.05, y: -0.035355337}
      localSize: {x: 0, y: 0}
      anchor: 9
    _mat: {fileID: 2100000, guid: 55296d1b6ee54e14e8eb4648d4b448ee, type: 2}
    manualUV: 0
    elementGroup: 0
    textureGroup: -1
  - _indices: 400000003f0000003e000000
    _distinctIndices: 400000003f0000003e000000
    _edges:
    - x: 64
      y: 63
    - x: 63
      y: 62
    - x: 62
      y: 64
    _smoothingGroup: 0
    _uv:
      useWorldSpace: 0
      flipU: 0
      flipV: 0
      swapUV: 0
      fill: 1
      scale: {x: 1, y: 1}
      offset: {x: 0, y: 0}
      rotation: 0
      justify: 0
      localPivot: {x: 0.03535534, y: -0.05}
      localSize: {x: 0, y: 0}
      anchor: 9
    _mat: {fileID: 2100000, guid: 55296d1b6ee54e14e8eb4648d4b448ee, type: 2}
    manualUV: 0
    elementGroup: 0
    textureGroup: -1
  - _indices: 460000004500000044000000
    _distinctIndices: 460000004500000044000000
    _edges:
    - x: 70
      y: 69
    - x: 69
      y: 68
    - x: 68
      y: 70
    _smoothingGroup: 0
    _uv:
      useWorldSpace: 0
      flipU: 0
      flipV: 0
      swapUV: 0
      fill: 1
      scale: {x: 1, y: 1}
      offset: {x: 0, y: 0}
      rotation: 0
      justify: 0
      localPivot: {x: -0.035355333, y: -0.05}
      localSize: {x: 0, y: 0}
      anchor: 9
    _mat: {fileID: 2100000, guid: 55296d1b6ee54e14e8eb4648d4b448ee, type: 2}
    manualUV: 0
    elementGroup: 0
    textureGroup: -1
  - _indices: 4c0000004b0000004a000000
    _distinctIndices: 4c0000004b0000004a000000
    _edges:
    - x: 76
      y: 75
    - x: 75
      y: 74
    - x: 74
      y: 76
    _smoothingGroup: 0
    _uv:
      useWorldSpace: 0
      flipU: 0
      flipV: 0
      swapUV: 0
      fill: 1
      scale: {x: 1, y: 1}
      offset: {x: 0, y: 0}
      rotation: 0
      justify: 0
      localPivot: {x: -0.05, y: -0.035355344}
      localSize: {x: 0, y: 0}
      anchor: 9
    _mat: {fileID: 2100000, guid: 55296d1b6ee54e14e8eb4648d4b448ee, type: 2}
    manualUV: 0
    elementGroup: 0
    textureGroup: -1
  - _indices: 230000002400000025000000
    _distinctIndices: 230000002400000025000000
    _edges:
    - x: 35
      y: 36
    - x: 36
      y: 37
    - x: 37
      y: 35
    _smoothingGroup: 0
    _uv:
      useWorldSpace: 0
      flipU: 0
      flipV: 0
      swapUV: 0
      fill: 1
      scale: {x: 1, y: 1}
      offset: {x: 0, y: 0}
      rotation: 0
      justify: 0
      localPivot: {x: 0.05, y: 0.03535534}
      localSize: {x: 0, y: 0}
      anchor: 9
    _mat: {fileID: 2100000, guid: 55296d1b6ee54e14e8eb4648d4b448ee, type: 2}
    manualUV: 0
    elementGroup: 0
    textureGroup: -1
  - _indices: 290000002a0000002b000000
    _distinctIndices: 290000002a0000002b000000
    _edges:
    - x: 41
      y: 42
    - x: 42
      y: 43
    - x: 43
      y: 41
    _smoothingGroup: 0
    _uv:
      useWorldSpace: 0
      flipU: 0
      flipV: 0
      swapUV: 0
      fill: 1
      scale: {x: 1, y: 1}
      offset: {x: 0, y: 0}
      rotation: 0
      justify: 0
      localPivot: {x: 0.035355337, y: 0.05}
      localSize: {x: 0, y: 0}
      anchor: 9
    _mat: {fileID: 2100000, guid: 55296d1b6ee54e14e8eb4648d4b448ee, type: 2}
    manualUV: 0
    elementGroup: 0
    textureGroup: -1
  - _indices: 2f0000003000000031000000
    _distinctIndices: 2f0000003000000031000000
    _edges:
    - x: 47
      y: 48
    - x: 48
      y: 49
    - x: 49
      y: 47
    _smoothingGroup: 0
    _uv:
      useWorldSpace: 0
      flipU: 0
      flipV: 0
      swapUV: 0
      fill: 1
      scale: {x: 1, y: 1}
      offset: {x: 0, y: 0}
      rotation: 0
      justify: 0
      localPivot: {x: -0.03535534, y: 0.05}
      localSize: {x: 0, y: 0}
      anchor: 9
    _mat: {fileID: 2100000, guid: 55296d1b6ee54e14e8eb4648d4b448ee, type: 2}
    manualUV: 0
    elementGroup: 0
    textureGroup: -1
  - _indices: 350000003600000037000000
    _distinctIndices: 350000003600000037000000
    _edges:
    - x: 53
      y: 54
    - x: 54
      y: 55
    - x: 55
      y: 53
    _smoothingGroup: 0
    _uv:
      useWorldSpace: 0
      flipU: 0
      flipV: 0
      swapUV: 0
      fill: 1
      scale: {x: 1, y: 1}
      offset: {x: 0, y: 0}
      rotation: 0
      justify: 0
      localPivot: {x: -0.05, y: 0.035355337}
      localSize: {x: 0, y: 0}
      anchor: 9
    _mat: {fileID: 2100000, guid: 55296d1b6ee54e14e8eb4648d4b448ee, type: 2}
    manualUV: 0
    elementGroup: 0
    textureGroup: -1
  - _indices: 3b0000003c0000003d000000
    _distinctIndices: 3b0000003c0000003d000000
    _edges:
    - x: 59
      y: 60
    - x: 60
      y: 61
    - x: 61
      y: 59
    _smoothingGroup: 0
    _uv:
      useWorldSpace: 0
      flipU: 0
      flipV: 0
      swapUV: 0
      fill: 1
      scale: {x: 1, y: 1}
      offset: {x: 0, y: 0}
      rotation: 0
      justify: 0
      localPivot: {x: -0.05, y: -0.035355337}
      localSize: {x: 0, y: 0}
      anchor: 9
    _mat: {fileID: 2100000, guid: 55296d1b6ee54e14e8eb4648d4b448ee, type: 2}
    manualUV: 0
    elementGroup: 0
    textureGroup: -1
  - _indices: 410000004200000043000000
    _distinctIndices: 410000004200000043000000
    _edges:
    - x: 65
      y: 66
    - x: 66
      y: 67
    - x: 67
      y: 65
    _smoothingGroup: 0
    _uv:
      useWorldSpace: 0
      flipU: 0
      flipV: 0
      swapUV: 0
      fill: 1
      scale: {x: 1, y: 1}
      offset: {x: 0, y: 0}
      rotation: 0
      justify: 0
      localPivot: {x: -0.03535534, y: -0.05}
      localSize: {x: 0, y: 0}
      anchor: 9
    _mat: {fileID: 2100000, guid: 55296d1b6ee54e14e8eb4648d4b448ee, type: 2}
    manualUV: 0
    elementGroup: 0
    textureGroup: -1
  - _indices: 470000004800000049000000
    _distinctIndices: 470000004800000049000000
    _edges:
    - x: 71
      y: 72
    - x: 72
      y: 73
    - x: 73
      y: 71
    _smoothingGroup: 0
    _uv:
      useWorldSpace: 0
      flipU: 0
      flipV: 0
      swapUV: 0
      fill: 1
      scale: {x: 1, y: 1}
      offset: {x: 0, y: 0}
      rotation: 0
      justify: 0
      localPivot: {x: 0.035355333, y: -0.05}
      localSize: {x: 0, y: 0}
      anchor: 9
    _mat: {fileID: 2100000, guid: 55296d1b6ee54e14e8eb4648d4b448ee, type: 2}
    manualUV: 0
    elementGroup: 0
    textureGroup: -1
  - _indices: 4d0000004e0000004f000000
    _distinctIndices: 4d0000004e0000004f000000
    _edges:
    - x: 77
      y: 78
    - x: 78
      y: 79
    - x: 79
      y: 77
    _smoothingGroup: 0
    _uv:
      useWorldSpace: 0
      flipU: 0
      flipV: 0
      swapUV: 0
      fill: 1
      scale: {x: 1, y: 1}
      offset: {x: 0, y: 0}
      rotation: 0
      justify: 0
      localPivot: {x: 0.05, y: -0.035355344}
      localSize: {x: 0, y: 0}
      anchor: 9
    _mat: {fileID: 2100000, guid: 55296d1b6ee54e14e8eb4648d4b448ee, type: 2}
    manualUV: 0
    elementGroup: 0
    textureGroup: -1
  _sharedIndices:
  - array: 00000000010000001e0000001f00000020000000230000004c0000004f000000
  - array: 0200000003000000040000000500000022000000250000002600000029000000
  - array: 06000000070000000800000009000000280000002b0000002c0000002f000000
  - array: 0a0000000b0000000c0000000d0000002e000000310000003200000035000000
  - array: 0e0000000f00000010000000110000003400000037000000380000003b000000
  - array: 120000001300000014000000150000003a0000003d0000003e00000041000000
  - array: 1600000017000000180000001900000040000000430000004400000047000000
  - array: 1a0000001b0000001c0000001d00000046000000490000004a0000004d000000
  - array: 2100000024000000270000002a0000002d000000300000003300000036000000390000003c0000003f0000004200000045000000480000004b0000004e000000
  _vertices:
  - {x: 0.1, y: 0, z: 0}
  - {x: 0.1, y: 0, z: 0}
  - {x: 0.07071068, y: 0, z: 0.07071068}
  - {x: 0.07071068, y: 0, z: 0.07071068}
  - {x: 0.07071068, y: 0, z: 0.07071068}
  - {x: 0.07071068, y: 0, z: 0.07071068}
  - {x: -0.000000004371139, y: 0, z: 0.1}
  - {x: -0.000000004371139, y: 0, z: 0.1}
  - {x: -0.000000004371139, y: 0, z: 0.1}
  - {x: -0.000000004371139, y: 0, z: 0.1}
  - {x: -0.07071068, y: 0, z: 0.07071068}
  - {x: -0.07071068, y: 0, z: 0.07071068}
  - {x: -0.07071068, y: 0, z: 0.07071068}
  - {x: -0.07071068, y: 0, z: 0.07071068}
  - {x: -0.1, y: 0, z: -0.000000008742278}
  - {x: -0.1, y: 0, z: -0.000000008742278}
  - {x: -0.1, y: 0, z: -0.000000008742278}
  - {x: -0.1, y: 0, z: -0.000000008742278}
  - {x: -0.07071068, y: 0, z: -0.070710674}
  - {x: -0.07071068, y: 0, z: -0.070710674}
  - {x: -0.07071068, y: 0, z: -0.070710674}
  - {x: -0.07071068, y: 0, z: -0.070710674}
  - {x: 0.0000000011924881, y: 0, z: -0.1}
  - {x: 0.0000000011924881, y: 0, z: -0.1}
  - {x: 0.0000000011924881, y: 0, z: -0.1}
  - {x: 0.0000000011924881, y: 0, z: -0.1}
  - {x: 0.07071067, y: 0, z: -0.07071069}
  - {x: 0.07071067, y: 0, z: -0.07071069}
  - {x: 0.07071067, y: 0, z: -0.07071069}
  - {x: 0.07071067, y: 0, z: -0.07071069}
  - {x: 0.1, y: 0, z: 0}
  - {x: 0.1, y: 0, z: 0}
  - {x: 0.1, y: 0, z: 0}
  - {x: 0, y: 0, z: 0}
  - {x: 0.07071068, y: 0, z: 0.07071068}
  - {x: 0.1, y: 0, z: 0}
  - {x: 0, y: 0, z: 0}
  - {x: 0.07071068, y: 0, z: 0.07071068}
  - {x: 0.07071068, y: 0, z: 0.07071068}
  - {x: 0, y: 0, z: 0}
  - {x: -0.000000004371139, y: 0, z: 0.1}
  - {x: 0.07071068, y: 0, z: 0.07071068}
  - {x: 0, y: 0, z: 0}
  - {x: -0.000000004371139, y: 0, z: 0.1}
  - {x: -0.000000004371139, y: 0, z: 0.1}
  - {x: 0, y: 0, z: 0}
  - {x: -0.07071068, y: 0, z: 0.07071068}
  - {x: -0.000000004371139, y: 0, z: 0.1}
  - {x: 0, y: 0, z: 0}
  - {x: -0.07071068, y: 0, z: 0.07071068}
  - {x: -0.07071068, y: 0, z: 0.07071068}
  - {x: 0, y: 0, z: 0}
  - {x: -0.1, y: 0, z: -0.000000008742278}
  - {x: -0.07071068, y: 0, z: 0.07071068}
  - {x: 0, y: 0, z: 0}
  - {x: -0.1, y: 0, z: -0.000000008742278}
  - {x: -0.1, y: 0, z: -0.000000008742278}
  - {x: 0, y: 0, z: 0}
  - {x: -0.07071068, y: 0, z: -0.070710674}
  - {x: -0.1, y: 0, z: -0.000000008742278}
  - {x: 0, y: 0, z: 0}
  - {x: -0.07071068, y: 0, z: -0.070710674}
  - {x: -0.07071068, y: 0, z: -0.070710674}
  - {x: 0, y: 0, z: 0}
  - {x: 0.0000000011924881, y: 0, z: -0.1}
  - {x: -0.07071068, y: 0, z: -0.070710674}
  - {x: 0, y: 0, z: 0}
  - {x: 0.0000000011924881, y: 0, z: -0.1}
  - {x: 0.0000000011924881, y: 0, z: -0.1}
  - {x: 0, y: 0, z: 0}
  - {x: 0.07071067, y: 0, z: -0.07071069}
  - {x: 0.0000000011924881, y: 0, z: -0.1}
  - {x: 0, y: 0, z: 0}
  - {x: 0.07071067, y: 0, z: -0.07071069}
  - {x: 0.07071067, y: 0, z: -0.07071069}
  - {x: 0, y: 0, z: 0}
  - {x: 0.1, y: 0, z: 0}
  - {x: 0.07071067, y: 0, z: -0.07071069}
  - {x: 0, y: 0, z: 0}
  - {x: 0.1, y: 0, z: 0}
  _uv:
  - {x: 0, y: 0}
  - {x: 0, y: 0}
  - {x: 0, y: 0}
  - {x: 0, y: 0}
  - {x: 0, y: 0}
  - {x: 0, y: 0}
  - {x: 0, y: 0}
  - {x: 0, y: 0}
  - {x: 0, y: 0}
  - {x: 0, y: 0}
  - {x: 0, y: 0}
  - {x: 0, y: 0}
  - {x: 0, y: 0}
  - {x: 0, y: 0}
  - {x: 0, y: 0}
  - {x: 0, y: 0}
  - {x: 0, y: 0}
  - {x: 0, y: 0}
  - {x: 0, y: 0}
  - {x: 0, y: 0}
  - {x: 0, y: 0}
  - {x: 0, y: 0}
  - {x: 0, y: 0}
  - {x: 0, y: 0}
  - {x: 0, y: 0}
  - {x: 0, y: 0}
  - {x: 0, y: 0}
  - {x: 0, y: 0}
  - {x: 0, y: 0}
  - {x: 0, y: 0}
  - {x: 0, y: 0}
  - {x: 0, y: 0}
  - {x: -0.1, y: 0}
  - {x: 0, y: 0}
  - {x: -0.07071068, y: 0.07071068}
  - {x: 0.1, y: 0}
  - {x: 0, y: 0}
  - {x: 0.07071068, y: 0.07071068}
  - {x: -0.07071068, y: 0.07071068}
  - {x: 0, y: 0}
  - {x: 0.000000004371139, y: 0.1}
  - {x: 0.07071068, y: 0.07071068}
  - {x: 0, y: 0}
  - {x: -0.000000004371139, y: 0.1}
  - {x: 0.000000004371139, y: 0.1}
  - {x: 0, y: 0}
  - {x: 0.07071068, y: 0.07071068}
  - {x: -0.000000004371139, y: 0.1}
  - {x: 0, y: 0}
  - {x: -0.07071068, y: 0.07071068}
  - {x: 0.07071068, y: 0.07071068}
  - {x: 0, y: 0}
  - {x: 0.1, y: -0.000000008742278}
  - {x: -0.07071068, y: 0.07071068}
  - {x: 0, y: 0}
  - {x: -0.1, y: -0.000000008742278}
  - {x: 0.1, y: -0.000000008742278}
  - {x: 0, y: 0}
  - {x: 0.07071068, y: -0.070710674}
  - {x: -0.1, y: -0.000000008742278}
  - {x: 0, y: 0}
  - {x: -0.07071068, y: -0.070710674}
  - {x: 0.07071068, y: -0.070710674}
  - {x: 0, y: 0}
  - {x: -0.0000000011924881, y: -0.1}
  - {x: -0.07071068, y: -0.070710674}
  - {x: 0, y: 0}
  - {x: 0.0000000011924881, y: -0.1}
  - {x: -0.0000000011924881, y: -0.1}
  - {x: 0, y: 0}
  - {x: -0.07071067, y: -0.07071069}
  - {x: 0.0000000011924881, y: -0.1}
  - {x: 0, y: 0}
  - {x: 0.07071067, y: -0.07071069}
  - {x: -0.07071067, y: -0.07071069}
  - {x: 0, y: 0}
  - {x: -0.1, y: 0}
  - {x: 0.07071067, y: -0.07071069}
  - {x: 0, y: 0}
  - {x: 0.1, y: 0}
  _uv3: []
  _uv4: []
  _tangents: []
  _sharedIndicesUV: []
  _colors:
  - {r: 1, g: 1, b: 1, a: 1}
  - {r: 1, g: 1, b: 1, a: 1}
  - {r: 1, g: 1, b: 1, a: 1}
  - {r: 1, g: 1, b: 1, a: 1}
  - {r: 1, g: 1, b: 1, a: 1}
  - {r: 1, g: 1, b: 1, a: 1}
  - {r: 1, g: 1, b: 1, a: 1}
  - {r: 1, g: 1, b: 1, a: 1}
  - {r: 1, g: 1, b: 1, a: 1}
  - {r: 1, g: 1, b: 1, a: 1}
  - {r: 1, g: 1, b: 1, a: 1}
  - {r: 1, g: 1, b: 1, a: 1}
  - {r: 1, g: 1, b: 1, a: 1}
  - {r: 1, g: 1, b: 1, a: 1}
  - {r: 1, g: 1, b: 1, a: 1}
  - {r: 1, g: 1, b: 1, a: 1}
  - {r: 1, g: 1, b: 1, a: 1}
  - {r: 1, g: 1, b: 1, a: 1}
  - {r: 1, g: 1, b: 1, a: 1}
  - {r: 1, g: 1, b: 1, a: 1}
  - {r: 1, g: 1, b: 1, a: 1}
  - {r: 1, g: 1, b: 1, a: 1}
  - {r: 1, g: 1, b: 1, a: 1}
  - {r: 1, g: 1, b: 1, a: 1}
  - {r: 1, g: 1, b: 1, a: 1}
  - {r: 1, g: 1, b: 1, a: 1}
  - {r: 1, g: 1, b: 1, a: 1}
  - {r: 1, g: 1, b: 1, a: 1}
  - {r: 1, g: 1, b: 1, a: 1}
  - {r: 1, g: 1, b: 1, a: 1}
  - {r: 1, g: 1, b: 1, a: 1}
  - {r: 1, g: 1, b: 1, a: 1}
  - {r: 1, g: 1, b: 1, a: 1}
  - {r: 1, g: 1, b: 1, a: 1}
  - {r: 1, g: 1, b: 1, a: 1}
  - {r: 1, g: 1, b: 1, a: 1}
  - {r: 1, g: 1, b: 1, a: 1}
  - {r: 1, g: 1, b: 1, a: 1}
  - {r: 1, g: 1, b: 1, a: 1}
  - {r: 1, g: 1, b: 1, a: 1}
  - {r: 1, g: 1, b: 1, a: 1}
  - {r: 1, g: 1, b: 1, a: 1}
  - {r: 1, g: 1, b: 1, a: 1}
  - {r: 1, g: 1, b: 1, a: 1}
  - {r: 1, g: 1, b: 1, a: 1}
  - {r: 1, g: 1, b: 1, a: 1}
  - {r: 1, g: 1, b: 1, a: 1}
  - {r: 1, g: 1, b: 1, a: 1}
  - {r: 1, g: 1, b: 1, a: 1}
  - {r: 1, g: 1, b: 1, a: 1}
  - {r: 1, g: 1, b: 1, a: 1}
  - {r: 1, g: 1, b: 1, a: 1}
  - {r: 1, g: 1, b: 1, a: 1}
  - {r: 1, g: 1, b: 1, a: 1}
  - {r: 1, g: 1, b: 1, a: 1}
  - {r: 1, g: 1, b: 1, a: 1}
  - {r: 1, g: 1, b: 1, a: 1}
  - {r: 1, g: 1, b: 1, a: 1}
  - {r: 1, g: 1, b: 1, a: 1}
  - {r: 1, g: 1, b: 1, a: 1}
  - {r: 1, g: 1, b: 1, a: 1}
  - {r: 1, g: 1, b: 1, a: 1}
  - {r: 1, g: 1, b: 1, a: 1}
  - {r: 1, g: 1, b: 1, a: 1}
  - {r: 1, g: 1, b: 1, a: 1}
  - {r: 1, g: 1, b: 1, a: 1}
  - {r: 1, g: 1, b: 1, a: 1}
  - {r: 1, g: 1, b: 1, a: 1}
  - {r: 1, g: 1, b: 1, a: 1}
  - {r: 1, g: 1, b: 1, a: 1}
  - {r: 1, g: 1, b: 1, a: 1}
  - {r: 1, g: 1, b: 1, a: 1}
  - {r: 1, g: 1, b: 1, a: 1}
  - {r: 1, g: 1, b: 1, a: 1}
  - {r: 1, g: 1, b: 1, a: 1}
  - {r: 1, g: 1, b: 1, a: 1}
  - {r: 1, g: 1, b: 1, a: 1}
  - {r: 1, g: 1, b: 1, a: 1}
  - {r: 1, g: 1, b: 1, a: 1}
  - {r: 1, g: 1, b: 1, a: 1}
  userCollisions: 0
  isSelectable: 1
  unwrapParameters:
    hardAngle: 88
    packMargin: 4
    angleError: 8
    areaError: 15
  asset_guid: 
  dontDestroyMeshOnDelete: 0
  m_selectedFaces: 
  m_SelectedEdges: []
  m_selectedTriangles: 
